@article{toxtli2021,
    author  = {Carlos Toxtli and Siddharth Suri and Saiph Savage},
    title   = {Quantifying the Invisible Labor in Crowd Work},
    year    = {2021},
    journal = {arXiv},
    volume  = {2110.00169},
    number  = {1},
    pages   = {1--26}
}

@software{toloka-web-extension-github,
  author = {GigPlatform},
  month = {7},
  title = {Chrome Extension (plugin) that tracks the working time of an Amazon Mechanical Turk work. https://github.com/GigPlatform/toloka-web-extension},
  url = {https://github.com/GigPlatform/toloka-web-extension},
  version = {master},
  year = {2023}
}

@online{geekforgeeks2023,
    title        = {Cross Validation in Machine Learning},
    author       = {Abhishek Sharma},
    year         = 2023,
    url          = {https://www.geeksforgeeks.org/cross-validation-machine-learning/},
    urldate      = {Nov 27, 2023}
}
